<record><leader>00000cas a2200000 a 4500</leader><controlfield tag="001">10197845</controlfield><controlfield tag="008">831207d18421842riudn n       0    0eng c</controlfield><datafield ind1=" " ind2=" " tag="010"><subfield code="a">sn 83021434 </subfield></datafield><datafield ind1=" " ind2=" " tag="040"><subfield code="a">NPX</subfield><subfield code="b">eng</subfield><subfield code="c">NPX</subfield><subfield code="d">RHN</subfield><subfield code="d">CRL</subfield><subfield code="d">OCLCQ</subfield><subfield code="d">OCLCF</subfield><subfield code="d">OCLCO</subfield></datafield><datafield ind1=" " ind2=" " tag="042"><subfield code="a">pcc</subfield></datafield><datafield ind1=" " ind2=" " tag="043"><subfield code="a">n-us-ri</subfield></datafield><datafield ind1="0" ind2="0" tag="245"><subfield code="a">Providence daily express.</subfield></datafield><datafield ind1="1" ind2="6" tag="246"><subfield code="a">Providence express</subfield></datafield><datafield ind1=" " ind2=" " tag="260"><subfield code="a">Providence [R.I.] :</subfield><subfield code="b">Millard, Low &amp; Miller,</subfield><subfield code="c">1842.</subfield></datafield><datafield ind1=" " ind2=" " tag="300"><subfield code="a">1 v.</subfield></datafield><datafield ind1=" " ind2=" " tag="310"><subfield code="a">Daily (except Sun.)</subfield></datafield><datafield ind1="0" ind2=" " tag="362"><subfield code="a">Vol. 1, no. 1 (Mar. 15, 1842)-v. 1, no. 89 (June 27, 1842).</subfield></datafield><datafield ind1=" " ind2=" " tag="525"><subfield code="a">Some issues accompanied by supplements.</subfield></datafield><datafield ind1=" " ind2=" " tag="530"><subfield code="a">Also issued on microfilm from Brown University Library.</subfield></datafield><datafield ind1=" " ind2=" " tag="580"><subfield code="a">Also published in a weekly ed.: New age weekly (Providence, R.I.); and a semiweekly ed.: New age and constitutional advocate (Providence, R.I. : 1842).</subfield></datafield><datafield ind1=" " ind2="0" tag="651"><subfield code="a">Providence (R.I.)</subfield><subfield code="v">Newspapers.</subfield></datafield><datafield ind1=" " ind2="7" tag="655"><subfield code="a">Newspapers.</subfield><subfield code="2">fast</subfield><subfield code="0">(OCoLC)fst01423814</subfield></datafield><datafield ind1=" " ind2="7" tag="651"><subfield code="a">Rhode Island</subfield><subfield code="z">Providence.</subfield><subfield code="2">fast</subfield><subfield code="0">(OCoLC)fst01204977</subfield></datafield><datafield ind1=" " ind2=" " tag="752"><subfield code="a">United States</subfield><subfield code="b">Rhode Island</subfield><subfield code="c">Providence</subfield><subfield code="d">Providence.</subfield></datafield><datafield ind1="1" ind2=" " tag="775"><subfield code="t">New age weekly (Providence, R.I.)</subfield><subfield code="w">(DLC)sn 83021483</subfield><subfield code="w">(OCoLC)10196504</subfield></datafield><datafield ind1="1" ind2=" " tag="775"><subfield code="t">New age and constitutional advocate (Providence, R.I. : 1842)</subfield><subfield code="w">(DLC)sn 83021484</subfield><subfield code="w">(OCoLC)10196533</subfield></datafield><datafield ind1="0" ind2="0" tag="785"><subfield code="t">Providence express</subfield><subfield code="w">(DLC)sn 83021435</subfield><subfield code="w">(OCoLC)2266553</subfield></datafield></record>